@article{ChenYunWenXuan,
  title={陈云文选 (第 3 卷)},
  author={陈云},
  journal={北京: 人民出版社},
  pages={125},
  year={1995}
}

@article{FengZhiming2007,
  title={中国未来人口发展的粮食安全与耕地保障},
  author={封志明},
  journal={人口研究},
  volume={31},
  number={2},
  pages={15--29},
  year={2007},
  publisher={人口研究編輯部}
}

@article{ZhaoQiguo2011,
  title={保障我国 “耕地红线” 及 “粮食安全” 十字战略方针},
  author={赵其国 and 杨劲松 and 周华},
  journal={土壤},
  volume={43},
  number={5},
  pages={681--687},
  year={2011}
}

@article{LuoChaobin2005,
  title={现代信息技术在农业科研中的应用及发展方向},
  author={罗朝斌 and 赖钢},
  journal={北方蚕业},
  volume={26},
  number={4},
  pages={3--5},
  year={2005}
}

@article{YuJunli2001,
  title={复杂大系统的可持续发展与混纯研究},
  author={郁俊莉 and 韩文秀},
  journal={地质技术经济管理},
  volume={23},
  number={2},
  pages={10--13},
  year={2001}
}